<record xmlns="http://www.loc.gov/MARC21/slim" xmlns:xsi="http://www.w3.org/2001/XMLSchema-instance" xsi:schemaLocation="http://www.loc.gov/MARC21/slim http://www.loc.gov/standards/marcxml/schema/MARC21slim.xsd"><leader>01434nam a2200313   4500</leader><controlfield tag="001">001689232</controlfield><controlfield tag="003">NNU</controlfield><controlfield tag="006">m        d        </controlfield><controlfield tag="007">cr cn |||m|||a</controlfield><controlfield tag="008">150116s1896    le      o     000 0 ara d</controlfield><datafield ind1=" " ind2=" " tag="040"><subfield code="a">NNU</subfield><subfield code="b">eng</subfield><subfield code="c">NNU</subfield></datafield><datafield ind1=" " ind2="4" tag="050"><subfield code="a">PJ7745</subfield><subfield code="b">.K8</subfield></datafield><datafield ind1=" " ind2=" " tag="066"><subfield code="c">(3</subfield></datafield><datafield ind1=" " ind2=" " tag="090"><subfield code="a">PJ7745</subfield><subfield code="b">.K8</subfield></datafield><datafield ind1="1" ind2=" " tag="100"><subfield code="6">880-01</subfield><subfield code="a">Kush&#257;jim, Ma&#7717;m&#363;d ibn al-&#7716;usayn,</subfield><subfield code="d">10th cent.</subfield></datafield><datafield ind1="1" ind2="0" tag="245"><subfield code="6">880-02</subfield><subfield code="a">D&#299;w&#257;n</subfield><subfield code="h">[electronic resource] /</subfield><subfield code="c">Ab&#299; al-Fat&#7717; Ma&#7717;m&#363;d ibn al-&#7716;usayn al-K&#257;tib al-ma&#699;r&#363;f bi-Kush&#257;jim.</subfield></datafield><datafield ind1=" " ind2=" " tag="260"><subfield code="6">880-03</subfield><subfield code="a">Bayr&#363;t :</subfield><subfield code="b">al-Ma&#7789;ba&#699;ah al-Uns&#299;yah,</subfield><subfield code="c">[1896]</subfield></datafield><datafield ind1=" " ind2=" " tag="300"><subfield code="a">online resource (188 p.)</subfield></datafield><datafield ind1=" " ind2=" " tag="500"><subfield code="a">Part of the Arabic Collections Online (ACO) project, contributed by New York Univeristy Libraries.</subfield></datafield><datafield ind1=" " ind2=" " tag="533"><subfield code="a">Electronic reproduction.</subfield><subfield code="b">New York, N.Y. :</subfield><subfield code="c">New York University,</subfield><subfield code="d">2015.</subfield><subfield code="5">NNU</subfield></datafield><datafield ind1="2" ind2=" " tag="710"><subfield code="a">New York University.</subfield><subfield code="b">Libraries.</subfield></datafield><datafield ind1="0" ind2=" " tag="730"><subfield code="a">Arabic Collections Online.</subfield></datafield><datafield ind1="0" ind2="8" tag="776"><subfield code="i">Print version:</subfield><subfield code="a">Kush&#257;jim, Ma&#7717;m&#363;d ibn al-&#7716;usayn, 10th cent. 880-01</subfield><subfield code="t">D&#299;w&#257;n</subfield><subfield code="w">(NNU)001689232</subfield></datafield><datafield ind1="4" ind2="0" tag="856"><subfield code="u">http://hdl.handle.net/2333.1/j9kd536h</subfield></datafield><datafield ind1="1" ind2=" " tag="880"><subfield code="6">100-01/</subfield><subfield code="a">&#1603;&#1588;&#1575;&#1580;&#1605;&#1548; &#1605;&#1581;&#1605;&#1608;&#1583; &#1575;&#1576;&#1606; &#1581;&#1587;&#1610;&#1606;&#1548;</subfield></datafield><datafield ind1="1" ind2="0" tag="880"><subfield code="6">245-02/</subfield><subfield code="a">&#1583;&#1610;&#1608;&#1575;&#1606; /</subfield><subfield code="c">&#1575;&#1576;&#1609; &#1575;&#1604;&#1601;&#1578;&#1581; &#1605;&#1581;&#1605;&#1608;&#1583; &#1576;&#1606; &#1575;&#1604;&#1581;&#1587;&#1610;&#1606; &#1575;&#1604;&#1603;&#1575;&#1578;&#1576; &#1575;&#1604;&#1605;&#1593;&#1585;&#1608;&#1601; &#1576;&#1603;&#1588;&#1575;&#1580;&#1605;.</subfield></datafield><datafield ind1=" " ind2=" " tag="880"><subfield code="6">260-03/</subfield><subfield code="a">&#1576;&#1610;&#1585;&#1608;&#1578; :</subfield><subfield code="b">&#1575;&#1604;&#1591;&#1576;&#1593;&#1577; &#1575;&#1604;&#1575;&#1606;&#1587;&#1610;&#1577;&#1548;</subfield><subfield code="c">[&#1633;&#1640;&#1641;&#1638;]</subfield></datafield><datafield ind1=" " ind2=" " tag="959"><subfield code="a">NNU</subfield><subfield code="b">WEB</subfield><subfield code="c">GENI</subfield><subfield code="t">0</subfield><subfield code="m">Electronic access</subfield><subfield code="s">01</subfield></datafield><datafield ind1=" " ind2=" " tag="999"><subfield code="i">NNU_001689232</subfield><subfield code="o" /></datafield></record>